%example below

% Introduction
@electronic{datatilsynet_konsesjon,
  author        = "Datatilsynet",
  title         = "Rules for camera-monitoring systems",
  url           = "https://www.datatilsynet.no/regelverk-og-skjema/verktoy-skjema/sjekklister/sjekkliste-for-konsesjonsplikt/",
  note          = {Last accessed: 2017-09-21}
}
@electronic{datatilsynet_lov,
  author        = "Datatilsynet",
  title         = "Kameraovervåking- hva er lov",
  url           = "https://www.datatilsynet.no/regelverk-og-skjema/veiledere/kameraovervaking/?id=2090/",
  note          = {Last accessed: 2017-09-21}
}

@electronic{IoT,
  author        = "Andrea Zanella, Nicola Bui, Angelo Catellani, Lorenzo Vangelista, Michele Zorzi",
  title         = "Internet of Things for Smart Cities",
  url           = "http://ieeexplore.ieee.org/stamp/stamp.jsp?arnumber=6740844/",
  note          = {Last accessed: 2017-09-21}
}

@electronic{IoT_devices,
  author        = "IHS",
  title         = "IoT platforms: Enabling the Internet of Things",
  url           = "https://cdn.ihs.com/www/pdf/enabling-IOT.pdf",
  year          = "March 2016"
}


@electronic{IoT_baby_monitoring,
  author        = "Rapid7",
  title         = "Hacking  IoT: A Case Study on Baby Monitor Exposures and Vulnerabilities",
  url           = "https://www.rapid7.com/docs/Hacking-IoT-A-Case-Study-on-Baby-Monitor-Exposures-and-Vulnerabilities.pdf",
  year          = "2015"
}
@electronic{Net_gear_arlo,
  author        = "tek.no",
  title         = "Disse gjør det enkelt å overvåke hjemmet ditt trådløst",
  url           = "https://www.tek.no/artikler/test-netgear-arlo/190328",
  year          = "2015"
}
@electronic{shonin,
  author        = "tek.no",
  title         = "Dette kroppskameraet ble en braksuksess på Kickstarter",
  url           = "https://www.tek.no/artikler/dette-kroppskameraet-ble-en-braksuksess-pa-kickstarter/403739
",
  year          = "2017"
}
%% NanEye datasheeet
@electronic{NanEye_datasheet,
  author        = "CMOSIS",
  title         = "NanEye Module Image Sensor modules",
  url           = "http://www.cmosis.com/products/product_detail/naneye_module
",
note          = {Last accessed: 2017-10-03}
}


%% Previous work
@electronic{Eyes_of_things_NanEye,
  author        = "Aubrey Dunne, Alireza Dehgani, David Moloney, Oscar Deniz",
  title         = "Image sensor description",
  url           = "http://eyesofthings.eu/wp-content/uploads/deliverables/EoT_D2.2.pdf
",
  year          = "2016"
}

@electronic{NanEye_3D,
  author        = "Ricardo M. Sousa, Martin Wäny, Pedro Santos, Fernando Morgado-Dias, Member IEEE",
  title         = "NanEye-An Endoscopy Sensor With
3-D Image Synchronization",
  url           = "http://ieeexplore.ieee.org/stamp/stamp.jsp?arnumber=7752767
",
  year          = "February 2017"
}

@electronic{CMOS Ultra-Low Power,
  author        = "Nicola Cottini, Leonardo Gasparini, Student Member, IEEE, Marco De Nicola, Nicola Massari, Member, IEEE,
and Massimo Gottardi, Member, IEEE",
  title         = "A CMOS Ultra-Low Power Vision Sensor With
Image Compression and Embedded Event-Driven
Energy-Management",
  url           = "http://ieeexplore.ieee.org/stamp/stamp.jsp?arnumber=6043878
",
  year          = "September 2011"
}

@electronic{Off_the_shelf_HW,
  author        = "Tenager Mekonnen∗, Erkki Harjula∗, Arto Heikkinen∗, Timo Koskela† and Mika Ylianttila∗,Centre for Wireless Communication, University of Oulu, Finland
{tenager.mekonnen, erkki.harjula, mika.ylianttila}@oulu.fi
†Center for Ubiquitous Computing, University of Oulu, Finland
{timo.koskela}@oulu.f ",
  title         = "Energy Efficient Event Driven Video Streaming Surveillance Using sleepyCAM",
  url           = "http://ieeexplore.ieee.org/stamp/stamp.jsp?arnumber=8031460
",
  year          = "2017"
}




@book{Milliken,
    author    = "William F.Milliken and Douglas L.Milliken",
    title     = "Race Car vehicle Dynamics",
    year      = "1995",
    publisher = "Society of Automotive Engineers Inc.",
    address   = "Warrendal, PA 15096-0001 U.S.A"
}


